<?xml version="1.0" encoding="utf-8"?>
<record xmlns="http://www.loc.gov/MARC21/slim" xmlns:xsi="http://www.w3.org/2001/XMLSchema-instance" xsi:schemaLocation="http://www.loc.gov/MARC21/slim http://www.loc.gov/standards/marcxml/schema/MARC21slim.xsd">
	<leader>     nam a22     Mi 4500</leader>
	<controlfield tag="001">2963588</controlfield>
	<controlfield tag="003">NjP</controlfield>
	<controlfield tag="006">m        d        </controlfield>
	<controlfield tag="007">cr cn |||m|||a</controlfield>
	<controlfield tag="008">190815m19571961iq      o     000 0 araod</controlfield>
	<datafield ind1=" " ind2=" " tag="040">
		<subfield code="a">ZYU</subfield>
		<subfield code="b">ara</subfield>
		<subfield code="e">rda</subfield>
		<subfield code="c">ZYU</subfield>
	</datafield>
	<datafield ind1="1" ind2=" " tag="100">
		<subfield code="6">880-01</subfield>
		<subfield code="a">Ṭabāṭabāʼī al-Ḥakīm, Muḥsin ibn Mahdī.</subfield>
	</datafield>
	<datafield ind1="1" ind2="0" tag="245">
		<subfield code="6">880-02</subfield>
		<subfield code="a">Mustamsik al-ʻUrwah al-Wuthqá /</subfield>
		<subfield code="c">taʼlīf Muḥsin al-Ṭabāṭabāʼī al-Ḥakīm.</subfield>
	</datafield>
	<datafield ind1=" " ind2=" " tag="250">
		<subfield code="6">880-03</subfield>
		<subfield code="a">al-Ṭabʻah 2.</subfield>
	</datafield>
	<datafield ind1=" " ind2=" " tag="260">
		<subfield code="6">880-04</subfield>
		<subfield code="a">al-Najaf :</subfield>
		<subfield code="b">Maṭbaʻat al-Najaf,</subfield>
		<subfield code="c">1957-1961.</subfield>
	</datafield>
	<datafield ind1=" " ind2=" " tag="300">
		<subfield code="a">online resource (12 volumes)</subfield>
	</datafield>
	<datafield ind1=" " ind2=" " tag="336">
		<subfield code="a">text</subfield>
		<subfield code="2">rdacontent</subfield>
	</datafield>
	<datafield ind1=" " ind2=" " tag="337">
		<subfield code="a">computer</subfield>
		<subfield code="2">rdamedia</subfield>
	</datafield>
	<datafield ind1=" " ind2=" " tag="338">
		<subfield code="a">online resource</subfield>
		<subfield code="2">rdacarrier</subfield>
	</datafield>
	<datafield ind1=" " ind2=" " tag="500">
		<subfield code="a">Part of the Arabic Collections Online (ACO) project, contributed by Princeton University Libraries.</subfield>
	</datafield>
	<datafield ind1=" " ind2=" " tag="533">
		<subfield code="a">Electronic reproduction.</subfield>
		<subfield code="b">New York, N.Y. :</subfield>
		<subfield code="c">New York University,</subfield>
		<subfield code="d">2019.</subfield>
		<subfield code="5">NNU</subfield>
	</datafield>
	<datafield ind1=" " ind2="0" tag="650">
		<subfield code="a">Islamic law.</subfield>
	</datafield>
	<datafield ind1=" " ind2="0" tag="650">
		<subfield code="a">Shiites.</subfield>
	</datafield>
	<datafield ind1=" " ind2="7" tag="650">
		<subfield code="a">Islamic law.</subfield>
		<subfield code="2">fast</subfield>
		<subfield code="0">(OCoLC)fst00979949</subfield>
	</datafield>
	<datafield ind1=" " ind2="7" tag="650">
		<subfield code="a">Shiites.</subfield>
		<subfield code="2">fast</subfield>
		<subfield code="0">(OCoLC)fst01115976</subfield>
	</datafield>
	<datafield ind1="1" ind2=" " tag="700">
		<subfield code="6">880-05</subfield>
		<subfield code="a">Ṭabāṭabāʼī al-Yazdī, Muḥammad Kāẓim,</subfield>
		<subfield code="d">-1919.</subfield>
		<subfield code="t">ʻUrwah al-wuthqá.</subfield>
	</datafield>
	<datafield ind1="2" ind2=" " tag="710">
		<subfield code="a">Princeton University.</subfield>
		<subfield code="b">Library.</subfield>
	</datafield>
	<datafield ind1="0" ind2=" " tag="730">
		<subfield code="a">Arabic Collections Online.</subfield>
	</datafield>
	<datafield ind1="0" ind2="8" tag="776">
		<subfield code="i">Online version:</subfield>
		<subfield code="a">Ṭabāṭabāʼī al-Ḥakīm, Muḥsin ibn Mahdī.</subfield>
		<subfield code="t">Mustamsik al-ʻUrwah al-Wuthqá.</subfield>
		<subfield code="b">[al-Ṭabʻah 2.</subfield>
		<subfield code="d">al-Najaf : Maṭbaʻat al-Najaf, 1957-61]</subfield>
		<subfield code="w">(OCoLC)570816350</subfield>
	</datafield>
	<datafield ind1="0" ind2="8" tag="776">
		<subfield code="i">Print version:</subfield>
		<subfield code="a">Ṭabāṭabāʼī al-Ḥakīm, Muḥsin ibn Mahdī.</subfield>
		<subfield code="t">Mustamsik al-ʻUrwah al-Wuthqá</subfield>
		<subfield code="w">(NjP)2963588</subfield>
		<subfield code="w">(OCoLC)66745585</subfield>
	</datafield>
	<datafield ind1="4" ind2="0" tag="856">
		<subfield code="u">http://hdl.handle.net/2333.1/s7h44snd</subfield>
	</datafield>
	<datafield ind1="1" ind2=" " tag="880">
		<subfield code="6">100-01</subfield>
		<subfield code="a">طباطبائي الحكيم، محسن بن مهدي.</subfield>
	</datafield>
	<datafield ind1="1" ind2="0" tag="880">
		<subfield code="6">245-02</subfield>
		<subfield code="a">مستمسك العروة الوثقى /</subfield>
		<subfield code="c">تأليف محسن الطباطبائي الحكيم.</subfield>
	</datafield>
	<datafield ind1=" " ind2=" " tag="880">
		<subfield code="6">250-03</subfield>
		<subfield code="a">الطبعة 2.</subfield>
	</datafield>
	<datafield ind1=" " ind2=" " tag="880">
		<subfield code="6">260-04</subfield>
		<subfield code="a">النجف :</subfield>
		<subfield code="b">مطبعة النجف،</subfield>
		<subfield code="c">1957-1961.</subfield>
	</datafield>
	<datafield ind1="1" ind2=" " tag="880">
		<subfield code="6">700-05</subfield>
		<subfield code="a">طباطبائي اليزدي، محمد كاظم،</subfield>
		<subfield code="d">-1919.</subfield>
		<subfield code="t">عروة الوثقى.</subfield>
	</datafield>
	<datafield ind1=" " ind2=" " tag="959">
		<subfield code="a">NNU</subfield>
		<subfield code="b">WEB</subfield>
		<subfield code="c">GENI</subfield>
		<subfield code="t">0</subfield>
		<subfield code="m">Electronic access</subfield>
		<subfield code="s">01</subfield>
	</datafield>
	<datafield ind1=" " ind2=" " tag="999">
		<subfield code="i">NjP_2963588</subfield>
		<subfield code="o">(OCoLC)ocm66745585</subfield>
		<subfield code="s">princeton_aco002252:vol.1</subfield>
		<subfield code="s">princeton_aco002253:vol.2</subfield>
		<subfield code="s">princeton_aco002353:vol.3</subfield>
		<subfield code="s">princeton_aco002255:vol.4</subfield>
		<subfield code="s">princeton_aco002256:vol.5</subfield>
		<subfield code="s">princeton_aco002257:vol.6</subfield>
		<subfield code="s">princeton_aco002258:vol.7</subfield>
		<subfield code="s">princeton_aco002259:vol.8</subfield>
		<subfield code="s">princeton_aco002260:vol.9</subfield>
		<subfield code="s">princeton_aco002261:vol.10</subfield>
		<subfield code="s">princeton_aco002262:vol.11</subfield>
		<subfield code="s">princeton_aco002254:vol.12</subfield>
		<subfield code="e">(ERROR-880)(ERROR-MISC)</subfield>
		<subfield code="s">princeton_aco002252:vol.1</subfield>
		<subfield code="s">princeton_aco002253:vol.2</subfield>
		<subfield code="s">princeton_aco002353:vol.3</subfield>
		<subfield code="s">princeton_aco002255:vol.4</subfield>
		<subfield code="s">princeton_aco002256:vol.5</subfield>
		<subfield code="s">princeton_aco002257:vol.6</subfield>
		<subfield code="s">princeton_aco002258:vol.7</subfield>
		<subfield code="s">princeton_aco002259:vol.8</subfield>
		<subfield code="s">princeton_aco002260:vol.9</subfield>
		<subfield code="s">princeton_aco002261:vol.10</subfield>
		<subfield code="s">princeton_aco002262:vol.11</subfield>
		<subfield code="s">princeton_aco002254:vol.12</subfield>
	</datafield>
</record>
